<marcxml:record xmlns:xlink="http://www.w3.org/1999/xlink" xmlns:marcxml="http://www.loc.gov/MARC21/slim" xmlns:rdf="http://www.w3.org/1999/02/22-rdf-syntax-ns#" xmlns:madsrdf="http://www.loc.gov/mads/rdf/v1#" xmlns:ri="http://id.loc.gov/ontologies/RecordInfo#" xmlns:xsi="http://www.w3.org/2001/XMLSchema-instance" xmlns:mets="http://www.loc.gov/METS/">
  <marcxml:leader>00637dz  a2200145n  4500</marcxml:leader>
  <marcxml:controlfield tag="001">sh2002011102</marcxml:controlfield>
  <marcxml:controlfield tag="003">DLC</marcxml:controlfield>
  <marcxml:controlfield tag="005">20140714112314.0</marcxml:controlfield>
  <marcxml:controlfield tag="008">030925 | anannbabn          |a ana     c</marcxml:controlfield>
  <marcxml:datafield tag="010" ind1=" " ind2=" ">
    <marcxml:subfield code="a">sh2002011102</marcxml:subfield>
  </marcxml:datafield>
  <marcxml:datafield tag="040" ind1=" " ind2=" ">
    <marcxml:subfield code="a">NNFr</marcxml:subfield>
    <marcxml:subfield code="b">eng</marcxml:subfield>
    <marcxml:subfield code="c">DLC</marcxml:subfield>
    <marcxml:subfield code="d">DGNA</marcxml:subfield>
    <marcxml:subfield code="d">DLC</marcxml:subfield>
    <marcxml:subfield code="d">WaU</marcxml:subfield>
  </marcxml:datafield>
  <marcxml:datafield tag="150" ind1=" " ind2=" ">
    <marcxml:subfield code="a">Venus (Roman deity)</marcxml:subfield>
    <marcxml:subfield code="v">Art</marcxml:subfield>
  </marcxml:datafield>
  <marcxml:datafield tag="450" ind1=" " ind2=" ">
    <marcxml:subfield code="w">nne</marcxml:subfield>
    <marcxml:subfield code="a">Venus (Roman deity) in art</marcxml:subfield>
  </marcxml:datafield>
  <marcxml:datafield tag="670" ind1=" " ind2=" ">
    <marcxml:subfield code="a">Work cat.: Venus at her mirror: Velázquez and the art of nude painting, 2002.</marcxml:subfield>
  </marcxml:datafield>
  <marcxml:datafield tag="682" ind1=" " ind2=" ">
    <marcxml:subfield code="i">This authority record has been deleted because the heading is replaced by the heading</marcxml:subfield>
    <marcxml:subfield code="a">Venus (Roman deity)--Art,</marcxml:subfield>
    <marcxml:subfield code="i">a heading for which a subject authority is not made because it uses a free-floating combination.</marcxml:subfield>
  </marcxml:datafield>
</marcxml:record>
